@techreport{Tarja2007,
     title = {Serious Games - An Overview},
     author = {Tarja Susi and Mikael Johannesson and Per Backlund},
     institution = {University of Sk√∂vde, Sweden; School of Humanities and Informatics},
     year = {2007},
     month = {02},
     number = {HS- IKI -TR-07-001}
}
@misc{websiteranj,
	title = {\&ranj | serious games},
	howpublished = {\url{https://ranj.com/}},
	note = {Bezocht op: 2017-12-10}
}
@misc{interviewivo,
	title = {Afstudeerstage onderwerpen gesprek met Ivo},
	year = {2017},
	month = {december},
	day = {12},
	howpublished = {priv{\'e} interview}
}